@book{wang-owl-book,
	author = {Liang Wang and Jianxin Zhao and Richard Mortier},
	year = {2022},
	title = {OCaml Scientific Computing: Functional Programming in Data Science and Artficial Intelligence},
	publisher = {Springer}
}

@book{breiman1984,
	author = {Leo Breiman and Jerome Friedman and R.A. Olshen and Charles J. Stone},
	year = {1984},
	title = {Classification and Regression Trees},
	edition = {1},
	publisher = {Chapman and Hall/CRC},
	doi={10.1201/9781315139470}
}

@incollection{james,
	author = {Gareth James and Daniela Witten and Trevor Hastie and Robert Tibshirani},
	year = {2021},
	title = {Tree-Based Methods},
	booktitle = {An Introduction to Statistical Learning},
	chapter = {8},
	publisher = {Springer New York},
	doi={10.1007/978-1-0716-1418-1}
}

@INPROCEEDINGS{kennedy,
	  author={James Kennedy and Russell Eberhart},
	  booktitle={Proceedings of ICNN'95 - International Conference on Neural Networks}, 
	  title={Particle swarm optimization}, 
	  year={1995},
	  volume={4},
	  pages={1942-1948 vol.4},
	  doi={10.1109/ICNN.1995.488968}
}

@InProceedings{tornbloom,
	author="John T{\"o}rnblom and Simin Nadjm-Tehrani",
	title="Formal Verification of Random Forests in Safety-Critical Applications",
	booktitle="Formal Techniques for Safety-Critical Systems",
	year="2019",
	publisher="Springer International Publishing",
	pages="55-71",
}

@InProceedings{nie,
	author="Chaoqun Nie and Jianqi Shi and Yanhong Huang",
	title="VARF: Verifying and Analyzing Robustness of Random Forests",
	booktitle="Formal Methods and Software Engineering",
	year="2020",
	publisher="Springer International Publishing",
	pages="163-178",
	isbn="978-3-030-63406-3"
}

@InProceedings{z3,
	author="de Moura, Leonardo and Bj{\o}rner, Nikolaj",
	title="Z3: An Efficient SMT Solver",
	booktitle="Tools and Algorithms for the Construction and Analysis of Systems",
	year="2008",
	publisher="Springer Berlin Heidelberg",
	pages="337-340",
	isbn="978-3-540-78800-3"
}	

@misc{wu,
      title={Marabou 2.0: A Versatile Formal Analyzer of Neural Networks}, 
      author={Haoze Wu and Omri Isac and Aleksandar ZeljiÄ‡ and Teruhiro Tagomori and Matthew Daggitt and Wen Kokke and Idan Refaeli and Guy Amir and Kyle Julian and Shahaf Bassan and Pei Huang and Ori Lahav and Min Wu and Min Zhang and Ekaterina Komendantskaya and Guy Katz and Clark Barrett},
      year={2024},
      eprint={2401.14461},
      archivePrefix={arXiv},
      primaryClass={cs.AI},
      url={https://arxiv.org/abs/2401.14461}, 
}

@misc{covtype,
  author       = {Blackard, Jock},
  title        = {{Covertype}},
  year         = {1998},
  howpublished = {UCI Machine Learning Repository},
  note         = {{DOI}: https://doi.org/10.24432/C50K5N}
}

@misc{kantchelian,
      title={Evasion and Hardening of Tree Ensemble Classifiers}, 
      author={Alex Kantchelian and J. D. Tygar and Anthony D. Joseph},
      year={2016},
      eprint={1509.07892},
      archivePrefix={arXiv},
      primaryClass={cs.LG},
      url={https://arxiv.org/abs/1509.07892}, 
}

@InProceedings{katz,
	author="Katz, Guy and Barrett, Clark and Dill, David L. and Julian, Kyle and Kochenderfer, Mykel J.",
	title="Reluplex: An Efficient SMT Solver for Verifying Deep Neural Networks",
	booktitle="Computer Aided Verification",
	year="2017",
	publisher="Springer International Publishing",
	pages="97-117",
	doi={10.1007/978-3-319-63387-9_5}
}

@article{breiman1996,
	author={Leo Breiman},
	title={Bagging Predictors},
	year={1996},
	journal={Machine Learning},
	issue={2},
	volume={24},
	pages={123-140},
	doi={10.1007/BF00058655}
}

@article{breiman2001,
	author={Leo Breiman},
	title={Random Forests},
	year={2001},
	journal={Machine Learning},
	issue={1},
	volume={45},
	pages={5-32},
	doi={10.1023/A:1010933404324}
}

@article{friedman,
	author={Jerome H. Friedman},
	title={Stochastic Gradient Boosting},
	year={2002},
	journal={Computational Statistics and Data Analysis},
	issue={4},
	volume={38},
	pages={367-378},
	doi={10.1016/S0167-9473(01)00065-2}
}

@article{clausen,
  	title={Branch and bound algorithms-principles and examples},
  	author={Jens Clausen},
  	journal={Department of Computer Science, University of Copenhagen},
  	pages={1--30},
  	year={1999}
}

@article{sklearn,
	title= "Scikit-learn: Machine Learning in Python",
	author = "Pedregosa, Fabian and Varoquaux, Ga{\"e}l and Gramfort, Alexandre and Michel, Vincent and Thirion, Bertrand and Grisel, Olivier and Blondel, Mathieu and Prettenhofer, Peter and Weiss, Ron and Dubourg, Vincent and Vanderplas, Jake and Passos, Alexandre and Cournapeau, David and Brucher, Matthieu and Perrot, Matthieu and Duchesnay, {\'E}douard",
	journal = "Journal of Machine Learning Research",
	volume = "12",
	pages="2825-2830",
	year="2011",
	url="https://jmlr.csail.mit.edu/papers/v12/pedregosa11a.html"
}

@article{california,
	title = {Sparse Spatial Autoregressions},
	author = {R. Kelley Pace and Ronald Barry},
	journal = {Statistics and Probability Letters},
	volume = {33},
	year = {1997},
	pages = {291-297}
}

@misc{digits,
	  author = {Alpaydin, E. and Kaynak, C.},
	  title = {{Optical Recognition of Handwritten Digits}},
	  year = {1998},
	  howpublished = {UCI Machine Learning Repository},
	  note = {{DOI}: https://doi.org/10.24432/C50P49}
}

@misc{mnist,
	author = {Yann Lecun},
	title = {The MNIST database of handwritten digits},
	year = {1998},
	url = {http://yann.lecun.com/exdb/mnist/}
}

@misc{chen,
      title={Robustness Verification of Tree-based Models}, 
      author={Hongge Chen and Huan Zhang and Si Si and Yang Li and Duane Boning and Cho-Jui Hsieh},
      year={2019},
      eprint={1906.03849},
      archivePrefix={arXiv},
      primaryClass={cs.LG},
      url={https://arxiv.org/abs/1906.03849}
}

@misc{einziger,
      title={Verifying Robustness of Gradient Boosted Models}, 
      author={Gil Einziger and Maayan Goldstein and Yaniv Sa'ar and Itai Segall},
      year={2019},
      eprint={1906.10991},
      archivePrefix={arXiv},
      primaryClass={cs.LG},
      url={https://arxiv.org/abs/1906.10991}
}

@misc{cffi,
	author = {Armin Rigo and Maciej Fijalkowski},
	title = {C Foreign Function Interface for Python},
	year = {2012-2018},
	url = {https://cffi.readthedocs.io/en/stable/}
}

@misc{github,
  	author = {Samuel Sanft},
  	title = {Robustness Verification for Tree-based Ensemble Learning Methods},
	year = {2025},
  	url = {https://github.com/ss7886/IW-Spring25}
}